<?xml version="1.0" encoding="UTF-8"?><collection><record><leader>07000ntm a2200589 a 4500</leader><controlfield tag="001">006491063</controlfield><controlfield tag="003">MiAaHDL</controlfield><controlfield tag="005">20190719000000.0</controlfield><controlfield tag="006">m        d        </controlfield><controlfield tag="007">cr bn ---auaua</controlfield><controlfield tag="008">090423s1672    xx            00| ||ara d</controlfield><datafield tag="035" ind1=" " ind2=" "><subfield code="a">(MiU)006491063</subfield></datafield><datafield tag="035" ind1=" " ind2=" "><subfield code="a">sdr-miu006491063</subfield></datafield><datafield tag="040" ind1=" " ind2=" "><subfield code="a">MiU</subfield><subfield code="c">MiU</subfield><subfield code="e">amremm</subfield></datafield><datafield tag="043" ind1=" " ind2=" "><subfield code="a">n-us-mi</subfield></datafield><datafield tag="100" ind1="1" ind2=" "><subfield code="6">880-01</subfield><subfield code="a">Ghaznawī, Aḥmad,</subfield><subfield code="d">-1196 or 1197.</subfield></datafield><datafield tag="240" ind1="1" ind2="0"><subfield code="6">880-02</subfield><subfield code="a">Ḥāwī al-Qudsī</subfield></datafield><datafield tag="245" ind1="1" ind2="0"><subfield code="6">880-03</subfield><subfield code="a">Kitāb al-Ḥāwī al-Qudsī ʻalá madhhab al-Imām al-Aʻẓam Abī Ḥanīfah al-Nuʻmān,</subfield><subfield code="f">[1082, i.e. 1672].</subfield></datafield><datafield tag="246" ind1="3" ind2="8"><subfield code="a">كتاب الحاوي القدسي</subfield></datafield><datafield tag="260" ind1=" " ind2=" "><subfield code="c">[1672].</subfield></datafield><datafield tag="300" ind1=" " ind2=" "><subfield code="a">242 leaves :</subfield><subfield code="b">paper ;</subfield><subfield code="c">289 x 200 (209 x 123) mm. bound to 290 x 210 mm.</subfield></datafield><datafield tag="500" ind1=" " ind2=" "><subfield code="a">Shelfmark: Ann Arbor, University of Michigan, Special Collections Library, Isl. Ms. 92</subfield></datafield><datafield tag="500" ind1=" " ind2=" "><subfield code="a">Origin: As appears in colophon on p.490, copied for himself by ʻAlī ibn Muḥammad al-Sibāʻī al-Ḥimsī. Transcription finished ("wa-qad waqaʻa al-farāgh min kitābatih...") 2 Dhū al-Ḥijjah 1082 [ca. 31 March 1672].</subfield></datafield><datafield tag="500" ind1=" " ind2=" "><subfield code="a">Accompanying materials: Several slips carrying notes (paginated pp.79-80, pp.101-102, pp.113-114, pp.269-270, pp.393-394).</subfield></datafield><datafield tag="500" ind1=" " ind2=" "><subfield code="a">Former shelfmark: British Museum, London "No. 60. Al-Hawi al-kudsi."</subfield></datafield><datafield tag="500" ind1=" " ind2=" "><subfield code="a">Binding: Pasteboards covered in deep red leather ; Type II binding (with flap) ; board linings in dark blue/indigo laid paper ; upper and lower covers carry large blind-stamped mandorla (with floral vegetal composition, compare Déroche class. OAi 10) and frame of tooled fillets ; envelope flap carries blind-stamped rosette ; sewn in mainly red thread, though a few quires in yellow, two stations ; endbands virtually gone with only traces of primaries remaining ; in poor condition with lower cover detaching, significant abrasion, staining, lifting and losses of leather, delamination of boards, etc. ; ill-fitting (small).</subfield></datafield><datafield tag="500" ind1=" " ind2=" "><subfield code="a">Support: European laid paper with 7 laid lines per cm. (horizontal), chain lines spaced 30-32 mm. apart, and crown-star-crescent watermark (compare Heawood 1132) ; burnished but not very smooth.</subfield></datafield><datafield tag="500" ind1=" " ind2=" "><subfield code="a">Decoration: Keywords, section headings and many notabilia (side-heads) rubricated ; overlining and textual divders in the form of inverted commas in red ; textual dividers in the form of three inverted commas in black ; written area surrounded by red rule-border.</subfield></datafield><datafield tag="500" ind1=" " ind2=" "><subfield code="a">Script: Naskh ; fine Syrian hand ; mainly sans serif though small head-serifs occasionally appear ; slight effect of tilt to the left ; pointing in distinct dots ; extended in the horizontal with some swooping descenders.</subfield></datafield><datafield tag="500" ind1=" " ind2=" "><subfield code="a">Layout: Written in 23 lines per page ; frame-ruled.</subfield></datafield><datafield tag="500" ind1=" " ind2=" "><subfield code="a">Collation: I (2), VI (14), 22 V(234), IV (242) ; chiefly quinions ; final leaf left blank ; catchwords present ; foliation in black ink, Hindu-Arabic numerals, located just above the written area on the recto of each leaf from the 'title page' (p.7) ; pagination in pencil, Western numerals, supplied during digitization (includes inserts).</subfield></datafield><datafield tag="500" ind1=" " ind2=" "><subfield code="a">Colophon: "Scribal," rectangular, reads: "علقه لنفسه ولمن شاء الله من بعده كاتبه الفقير الداعي علي ابن المرحوم الشيخ محمد السباعي الحنفي الحمصي بلدا الحنفي مذهبا القادري طريقة ... قد وقع الفراغ من كتابته صبيحة نهار الخميس وهو اليوم الثاني من عشر ذي الحجة الحرام الذي هو ختام سنة اثنى وثمانين والف من الهجرة النبوية على صاحبها افضل الصلوة والسلام"</subfield></datafield><datafield tag="500" ind1=" " ind2=" "><subfield code="a">Explicit: "وهذا اساس قياس جليل يفتح الله بمعرفته ابواب النجاة ويرقي بمراقيه معالي الدرجات والله تبارك وتعالى اعلم بالصواب واليه المرجع والمآب ... انقضى تحرير الحاوي القدسي ونجز وابى محرره التطويل فاوجز وقد حوي بحمد الله ومنه مسائل مجموعات كثيرة في الاصولين ... الحمد والشكر كما تحب وترضى والحمد لله رب العالمين"</subfield></datafield><datafield tag="500" ind1=" " ind2=" "><subfield code="a">Incipit: "الحمد لله الذي هدانا لدين الاسلام ودعانا الى دار السلام ... وبعد تيسير ذي العطاء السني القوي تحرير محمد القونوي وسميته الحاوي لكونه الحاوي لمذهب الامام ابي حنيفة رضي الله تعالى عنه من جنس مؤلف الجنسي الجامع بين الاصولين والفروع ... المرتب على ثلاثة اقسام اصول الدين واصول الفقه وفروع الاحكام ..."</subfield></datafield><datafield tag="500" ind1=" " ind2=" "><subfield code="a">Title from inscription on 'title page' (p.7).</subfield></datafield><datafield tag="500" ind1=" " ind2=" "><subfield code="a">Ms. codex.</subfield></datafield><datafield tag="510" ind1="4" ind2=" "><subfield code="a">Brockelmann, C. GAL,</subfield><subfield code="c">I 378 ; SI 649</subfield></datafield><datafield tag="510" ind1="4" ind2=" "><subfield code="a">Ḥājjī Khalīfah. Kashf al-ẓunūn,</subfield><subfield code="c">2/627</subfield></datafield><datafield tag="520" ind1="8" ind2=" "><subfield code="a">Fine copy of the work of Ḥanafī law most commonly attributed to Jamāl al-Dīn Aḥmad ibn Muḥammad ibn Nūḥ al-Qābisī al-Ghaznawī. In this manuscript the author's name is given as al-Imām Muḥammad al-Qūnawī (compare the case cited in Ḥājjī Khalīfah of a manuscript naming the author as Muḥammad al-Ghaznawī). See Isl. Ms. 553 for another ms. copy.</subfield></datafield><datafield tag="538" ind1=" " ind2=" "><subfield code="a">Mode of access: Internet.</subfield></datafield><datafield tag="541" ind1=" " ind2=" "><subfield code="c">Purchase ;</subfield><subfield code="a">Acquired by purchase along with Abdul Hamid Collection (funds donated by Horace Rackham).</subfield><subfield code="d">1924.</subfield></datafield><datafield tag="546" ind1=" " ind2=" "><subfield code="a">Arabic.</subfield></datafield><datafield tag="561" ind1=" " ind2=" "><subfield code="a">Bookplate of British Museum, London on interior of upper cover,"British Museum, London. No. 60. Al-Hawi al-kudsi." ; circular seal impression with figure of goat/gazelle in purple ink as well as inscription "97" in Western numerals on verso of first leaf of added table of contents (p.1) ; ownership statement on 'title page' (p.7) in name of ʻAbd al-Salām ibn Naṣūḥ (Abdüsselam b. Nasuh), qāḍī / kadı in Taraklı (طراقلى) [?], reads "تملك هذا الكتاب عبد السلام بن نصوح القاضي بمدينة طراقلى [؟] ... عفى عنهم" (contributions to the cataloguing from Boris Liebrenz) ; occasional marginal corrections, glosses and notabilia.</subfield></datafield><datafield tag="650" ind1=" " ind2="0"><subfield code="a">Manuscripts, Arabic</subfield><subfield code="z">Michigan</subfield><subfield code="z">Ann Arbor.</subfield></datafield><datafield tag="650" ind1=" " ind2="0"><subfield code="a">Hanafites</subfield><subfield code="v">Early works to 1800.</subfield></datafield><datafield tag="650" ind1=" " ind2="0"><subfield code="a">Islamic law</subfield><subfield code="v">Early works to 1800.</subfield></datafield><datafield tag="700" ind1="0" ind2=" "><subfield code="6">880-05</subfield><subfield code="a">ʻAlī ibn Muḥammad al-Sibāʻī al-Ḥimsī,</subfield><subfield code="d">fl.1672,</subfield><subfield code="e">scribe.</subfield></datafield><datafield tag="773" ind1="0" ind2=" "><subfield code="a">Tiflis Collection.</subfield></datafield><datafield tag="880" ind1="0" ind2=" "><subfield code="6">700-05/</subfield><subfield code="a">علي بن محمد السباعي الحمسي،</subfield><subfield code="e">ناسخ.</subfield></datafield><datafield tag="880" ind1="1" ind2="0"><subfield code="6">245-03/</subfield><subfield code="a">كتاب الحاوي القدسي على مذهب الامام الاعظم ابي حنيفة النعمان,</subfield><subfield code="f">[1082ه, 1672م].</subfield></datafield><datafield tag="880" ind1="1" ind2="0"><subfield code="6">240-02/</subfield><subfield code="a">حاوي القدسي</subfield></datafield><datafield tag="880" ind1="1" ind2=" "><subfield code="6">100-01/</subfield><subfield code="a">غزنوي، احمد.</subfield></datafield><datafield tag="CID" ind1=" " ind2=" "><subfield code="a">006491063</subfield></datafield><datafield tag="DAT" ind1="0" ind2=" "><subfield code="a">20190719102634.0</subfield><subfield code="b">20190719000000.0</subfield></datafield><datafield tag="DAT" ind1="1" ind2=" "><subfield code="a">20190719090653.0</subfield><subfield code="b">2019-07-19T16:11:17Z</subfield></datafield><datafield tag="DAT" ind1="2" ind2=" "><subfield code="a">2015-10-10T18:00:06Z</subfield></datafield><datafield tag="CAT" ind1=" " ind2=" "><subfield code="a">SDR-MIU</subfield><subfield code="d">EX LIBRIS - ALEPH</subfield><subfield code="l">prepare.pl-004-008</subfield></datafield><datafield tag="FMT" ind1=" " ind2=" "><subfield code="a">BK</subfield></datafield><datafield tag="HOL" ind1=" " ind2=" "><subfield code="0">sdr-miu006491063</subfield><subfield code="a">MiU</subfield><subfield code="b">SDR</subfield><subfield code="c">MIU</subfield><subfield code="p">mdp.39015079124759</subfield><subfield code="s">MIU</subfield><subfield code="1">006491063</subfield></datafield><datafield tag="974" ind1=" " ind2=" "><subfield code="b">MIU</subfield><subfield code="c">MIU</subfield><subfield code="d">20190719</subfield><subfield code="s">lit-dlps-dc</subfield><subfield code="u">mdp.39015079124759</subfield><subfield code="y">1672</subfield><subfield code="r">pd</subfield><subfield code="q">bib</subfield><subfield code="t">non-US bib date1 &lt; 1879</subfield></datafield></record></collection>